<record><leader>00000cas a2200000 a 4500</leader><controlfield tag="001">14178420</controlfield><controlfield tag="008">860904c18969999kyuwr ne      0    0eng d</controlfield><datafield ind1=" " ind2=" " tag="010"><subfield code="a">sn 86069473 </subfield></datafield><datafield ind1=" " ind2=" " tag="040"><subfield code="a">KNP</subfield><subfield code="b">eng</subfield><subfield code="c">KNP</subfield><subfield code="d">OCL</subfield><subfield code="d">OCLCQ</subfield><subfield code="d">KYUBL</subfield><subfield code="d">OCLCQ</subfield><subfield code="d">OCLCO</subfield><subfield code="d">OCLCF</subfield></datafield><datafield ind1="1" ind2=" " tag="029"><subfield code="a">AU@</subfield><subfield code="b">000025826165</subfield></datafield><datafield ind1=" " ind2=" " tag="042"><subfield code="a">msc</subfield></datafield><datafield ind1=" " ind2=" " tag="043"><subfield code="a">n-us-ky</subfield></datafield><datafield ind1="0" ind2="4" tag="245"><subfield code="a">The Glasgow republican.</subfield></datafield><datafield ind1="1" ind2="7" tag="246"><subfield code="a">Republican</subfield></datafield><datafield ind1=" " ind2=" " tag="260"><subfield code="a">Glasgow, Ky. :</subfield><subfield code="b">F.J. Taylor</subfield></datafield><datafield ind1=" " ind2=" " tag="300"><subfield code="a">v.</subfield></datafield><datafield ind1=" " ind2=" " tag="310"><subfield code="a">Weekly</subfield></datafield><datafield ind1=" " ind2=" " tag="321"><subfield code="a">Weekly</subfield></datafield><datafield ind1=" " ind2=" " tag="321"><subfield code="a">Semiweekly</subfield></datafield><datafield ind1="0" ind2=" " tag="362"><subfield code="a">Vol. 4, no. 40 (June 5, 1896)-</subfield></datafield><datafield ind1=" " ind2=" " tag="500"><subfield code="a">In 1917 and on Jan. 2, 1927 published a short run of: Glasgow morning sun. In 1949 published: The morning sun and the evening news.</subfield></datafield><datafield ind1=" " ind2=" " tag="500"><subfield code="a">In 1967 purchased by the other Glasgow paper: The Glasgow daily times, but continued publication.</subfield></datafield><datafield ind1=" " ind2="0" tag="651"><subfield code="a">Barren County (Ky.)</subfield><subfield code="v">Newspapers.</subfield></datafield><datafield ind1=" " ind2="0" tag="651"><subfield code="a">Glasgow (Ky.)</subfield><subfield code="v">Newspapers.</subfield></datafield><datafield ind1=" " ind2="7" tag="655"><subfield code="a">Newspapers.</subfield><subfield code="2">fast</subfield><subfield code="0">(OCoLC)fst01423814</subfield></datafield><datafield ind1=" " ind2="7" tag="651"><subfield code="a">Kentucky</subfield><subfield code="z">Barren County.</subfield><subfield code="2">fast</subfield><subfield code="0">(OCoLC)fst01211111</subfield></datafield><datafield ind1=" " ind2="7" tag="651"><subfield code="a">Kentucky</subfield><subfield code="z">Glasgow.</subfield><subfield code="2">fast</subfield><subfield code="0">(OCoLC)fst01218676</subfield></datafield><datafield ind1=" " ind2=" " tag="752"><subfield code="a">United States</subfield><subfield code="b">Kentucky</subfield><subfield code="c">Barren</subfield><subfield code="d">Glasgow.</subfield></datafield><datafield ind1="0" ind2="0" tag="780"><subfield code="t">Glasgow weekly republican</subfield><subfield code="w">(DLC)sn 87060392</subfield></datafield><datafield ind1="1" ind2=" " tag="787"><subfield code="t">Morning sun and the evening news</subfield><subfield code="w">(DLC)sn 86069471</subfield></datafield></record>